@comment{x-kbibtex-encoding=utf-8}

@comment{x-kbibtex-personnameformatting=<%l><, %f>}

@article{David:1998,
	author = "David, Paul and Foray, Dominique and Dalle, Jean-Michelle",
	journal = "Economics of Innovation and New Technologies",
	number = "2\&3",
	pages = "147–182",
	title = "{Marshallian externalities and the emergence and spatial stability of technological enclaves}",
	volume = "6",
	year = "1998"
}

@article{Knopov:1998,
    author = "Knopov, P.S. and Chornei, R.K.",
    doi = "10.1007/BF02666978",
    issn = "1060-0396",
    journal = "Cybernetics and Systems Analysis",
    language = "English",
    number = "3",
    pages = "368–376",
    publisher = "Kluwer Academic Publishers-Plenum Publishers",
    title = "{Control problems for markov processes with memory}",
    url = "http://dx.doi.org/10.1007/BF02666978",
    volume = "34",
    year = "1998"
}

@article{Chornei:2005,
    author = "Chornei, R.K. and Daduna, Hans and Knopov, P.S.",
    journal = "Stochastic models",
    number = "4",
    pages = "847–874",
    publisher = "Taylor \& Francis",
    title = "{Controlled Markov fields with finite state space on graphs}",
    volume = "21",
    year = "2005"
}

@article{Knopov:2011,
    acmid = "2004143",
    address = "Hingham, MA, USA",
    author = "Knopov, P.S. and Samosonok, A.S.",
    doi = "10.1007/s10559-011-9317-3",
    issn = "1060-0396",
    journal = "Cybernetics and Sys. Anal.",
    keywords = "Gibbs field; Ising model; Markov random field; stochastic process",
    number = "3",
    numpages = "14",
    pages = "346–359",
    publisher = "Kluwer Academic Publishers",
    title = "{On Markov Stochastic Processes with Local Interaction for Solving Some Applied Problems}",
    url = "http://dx.doi.org/10.1007/s10559-011-9317-3",
    volume = "47",
    year = "2011"
}


@book{Koller:2009,
    author = "Koller, Daphne and Friedman, Nir",
    publisher = "MIT press",
    title = "{Probabilistic graphical models: principles and techniques}",
    year = "2009"
}


@online{PuLP,
    title = "Документація бібліотеки {PuLP}",
    language = "ukrainian",
    url = "http://www.coin-or.org/PuLP",
}


@online{COIN,
    title = "Документація бібліотеки {COIN-OR}",
    language = "ukrainian",
    url = "http://www.coin-or.org/documentation.html"
}
